<record><leader>00000cas a22000007a 4500</leader><controlfield tag="001">17899961</controlfield><controlfield tag="008">880505d18811882ohuwr ne      0    0eng d</controlfield><datafield ind1=" " ind2=" " tag="010"><subfield code="a">sn 88078457 </subfield></datafield><datafield ind1=" " ind2=" " tag="040"><subfield code="a">ONP</subfield><subfield code="b">eng</subfield><subfield code="c">ONP</subfield><subfield code="d">OCLCQ</subfield></datafield><datafield ind1=" " ind2=" " tag="042"><subfield code="a">msc</subfield></datafield><datafield ind1="0" ind2="0" tag="245"><subfield code="a">Alliance Tri-County review.</subfield></datafield><datafield ind1="1" ind2="3" tag="246"><subfield code="a">Alliance review</subfield></datafield><datafield ind1=" " ind2=" " tag="260"><subfield code="a">Alliance, Ohio :</subfield><subfield code="b">J.W. Gillespie,</subfield><subfield code="c">1881-1882.</subfield></datafield><datafield ind1=" " ind2=" " tag="300"><subfield code="a">v.</subfield></datafield><datafield ind1=" " ind2=" " tag="310"><subfield code="a">Weekly</subfield></datafield><datafield ind1="0" ind2=" " tag="362"><subfield code="a">Vol. 13, no. 2 (Jan. 7, 1881)-v. 14, no. 9 (Mar. 1, 1882).</subfield></datafield><datafield ind1=" " ind2=" " tag="752"><subfield code="a">United States</subfield><subfield code="b">Ohio</subfield><subfield code="c">Stark</subfield><subfield code="d">Alliance.</subfield></datafield><datafield ind1="0" ind2="0" tag="780"><subfield code="t">Alliance review (Alliance, Ohio : 1876)</subfield><subfield code="w">(DLC)sn 88078458</subfield></datafield><datafield ind1="0" ind2="0" tag="785"><subfield code="t">Alliance weekly review (Alliance, Ohio : 1882)</subfield><subfield code="w">(DLC)sn 88078455</subfield></datafield></record>